<?xml version="1.0" encoding="UTF-8"?><collection xmlns="http://www.loc.gov/MARC21/slim"><record><leader>00544nam--2200193-i-4500</leader><controlfield tag="001">000034882</controlfield><controlfield tag="002">20161230</controlfield><controlfield tag="005">20161230201040</controlfield><controlfield tag="008">060222s1000------------r-----000-0-fre-d</controlfield><datafield ind1=" " ind2=" " tag="040"><subfield code="a">IFIN-HH</subfield></datafield><datafield ind1=" " ind2=" " tag="041"><subfield code="a">fre</subfield></datafield><datafield ind1=" " ind2=" " tag="080"><subfield code="a">544.64:537.531</subfield></datafield><datafield ind1="1" ind2=" " tag="100"><subfield code="a">Nahmias, M.E</subfield></datafield><datafield ind1="1" ind2="0" tag="245"><subfield code="a">Analyse des matieres cristallisees au moyen des rayons x</subfield><subfield code="c">M.e. nahmias</subfield></datafield><datafield ind1=" " ind2=" " tag="260"><subfield code="a">Paris</subfield><subfield code="b">Hermann &amp; Cie, Editeurs</subfield><subfield code="c">1936</subfield></datafield><datafield ind1=" " ind2=" " tag="300"><subfield code="a">47P</subfield></datafield><datafield ind1=" " ind2=" " tag="490"><subfield code="a">Actualites Scientifiques At Industrielles</subfield><subfield code="v">332</subfield></datafield><datafield ind1=" " ind2=" " tag="852"><subfield code="a">1707</subfield><subfield code="c">537.531</subfield></datafield><datafield ind1=" " ind2=" " tag="CAT"><subfield code="a">Sys</subfield><subfield code="c">20110805</subfield><subfield code="h">133230</subfield></datafield></record></collection>